@book{数值计算方法,
  title={数值计算方法},
  author={郑成德},
  publisher={清华大学出版社},
  year={2010},
}

@article{a2
  title={不动点迭代法的一点注记},
  author={高尚},
  journal={大学数学},
  volume={19},
  number={4},
  pages={85-88},
  year={2003},
}

@article{a3,
  title={不动点迭代法及其收敛性},
  author={郭安学},
  journal={长春师范大学学报},
  volume={22},
  number={2},
  pages={4-5},
  year={2003},
}

@article{a4,
  title={一类不动点迭代法的求解},
  author={张卷美},
  journal={河南理工大学学报(自然科学版)},
  volume={25},
  number={2},
  pages={169-172},
  year={2006},
}
